<record><leader>00000cas a22000007a 4500</leader><controlfield tag="001">23597734</controlfield><controlfield tag="008">910424d1907193unyuwr ne      0    0eng d</controlfield><datafield ind1=" " ind2=" " tag="010"><subfield code="a">sn 91066079 </subfield></datafield><datafield ind1=" " ind2=" " tag="040"><subfield code="a">NYS</subfield><subfield code="b">eng</subfield><subfield code="c">NYS</subfield><subfield code="d">OCLCQ</subfield></datafield><datafield ind1=" " ind2=" " tag="042"><subfield code="a">msc</subfield></datafield><datafield ind1="0" ind2=" " tag="130"><subfield code="a">Solvay express (Solvay, N.Y. : 1907)</subfield></datafield><datafield ind1="1" ind2="4" tag="245"><subfield code="a">The Solvay express.</subfield></datafield><datafield ind1=" " ind2=" " tag="260"><subfield code="a">Solvay, N.Y. :</subfield><subfield code="b">[s.n.],</subfield><subfield code="c">1907-</subfield></datafield><datafield ind1=" " ind2=" " tag="300"><subfield code="a">v. ;</subfield><subfield code="c">54 cm.</subfield></datafield><datafield ind1=" " ind2=" " tag="310"><subfield code="a">Weekly</subfield></datafield><datafield ind1="1" ind2=" " tag="362"><subfield code="a">Vol. 5, no. 46 (Dec. 21, 1907)-</subfield></datafield><datafield ind1=" " ind2=" " tag="500"><subfield code="a">Published by: News Pub. Co., &lt;1929&gt;.</subfield></datafield><datafield ind1=" " ind2=" " tag="500"><subfield code="a">Publisher's block gives place of pub. as East Syracuse, N.Y. &lt;1929&gt;.</subfield></datafield><datafield ind1=" " ind2=" " tag="588"><subfield code="a">Latest issue consulted: Vol. 28, no. 53 (Dec. 31, 1931).</subfield></datafield><datafield ind1=" " ind2="4" tag="651"><subfield code="a">Solvay (N.Y.)</subfield><subfield code="v">Newspapers.</subfield></datafield><datafield ind1=" " ind2="4" tag="651"><subfield code="a">East Syracuse (N.Y.)</subfield><subfield code="v">Newspapers.</subfield></datafield><datafield ind1=" " ind2=" " tag="752"><subfield code="a">United States</subfield><subfield code="b">New York</subfield><subfield code="c">Onondaga</subfield><subfield code="d">Solvay.</subfield></datafield><datafield ind1=" " ind2=" " tag="752"><subfield code="a">United States</subfield><subfield code="b">New York</subfield><subfield code="c">Onondaga</subfield><subfield code="d">East Syracuse.</subfield></datafield><datafield ind1="0" ind2="0" tag="780"><subfield code="t">Solvay express and Geddes news</subfield><subfield code="w">(DLC)sn 91066078</subfield><subfield code="w">(OCoLC)23597731</subfield></datafield><datafield ind1="0" ind2="0" tag="785"><subfield code="t">Solvay-Geddes news</subfield><subfield code="w">(DLC)sn 91066080</subfield><subfield code="w">(OCoLC)23597737</subfield></datafield><datafield ind1="1" ind2=" " tag="029"><subfield code="a">AU@</subfield><subfield code="b">000025902673</subfield></datafield></record>